@article{Gleisberg:2008ta,
  author =       "Gleisberg, T. and Hoeche, Stefan. and Krauss, F. and
                  Schonherr, M. and Schumann, S. and Siegert, F. and
                  Winter, J.",
  archivePrefix ="arXiv",
  doi =          "10.1088/1126-6708/2009/02/007",
  eprint =       "0811.4622",
  journal =      "JHEP",
  pages =        007,
  primaryClass = "hep-ph",
  reportNumber = "FERMILAB-PUB-08-477-T, SLAC-PUB-13420, ZU-TH-17-08,
                  DCPT-08-138, IPPP-08-69, EDINBURGH-2008-30,
                  MCNET-08-14",
  title =        "{Event generation with SHERPA 1.1}",
  volume =       02,
  year =         2009
}

@article{Krauss:2001iv,
  author =       "Krauss, F. and Kuhn, R. and Soff, G.",
  archivePrefix ="arXiv",
  doi =          "10.1088/1126-6708/2002/02/044",
  eprint =       "hep-ph/0109036",
  journal =      "JHEP",
  pages =        044,
  reportNumber = "CAVENDISH-HEP-01-11",
  title =        "{AMEGIC++ 1.0: A Matrix element generator in C++}",
  volume =       02,
  year =         2002
}

@article{Gleisberg:2008fv,
  author =       "Gleisberg, Tanju and Hoeche, Stefan",
  archivePrefix ="arXiv",
  doi =          "10.1088/1126-6708/2008/12/039",
  eprint =       "0808.3674",
  journal =      "JHEP",
  pages =        039,
  primaryClass = "hep-ph",
  reportNumber = "SLAC-PUB-13232, IPPP-08-31, DCPT-08-62, MCNET-08-08",
  title =        "{Comix, a new matrix element generator}",
  volume =       12,
  year =         2008
}

@article{Lepage:19781an,
  title =        "{A new algorithm for adaptive multidimensional
                  integration}",
  journal =      "Journal of Computational Physics",
  volume =       27,
  number =       2,
  pages =        "192 - 203",
  year =         1978,
  issn =         "0021-9991",
  doi =          "https://doi.org/10.1016/0021-9991(78)90004-9",
  url =          "http://www.sciencedirect.com/science/article/pii/0021999178900049",
  author =       "Peter Lepage",
  abstract =     "A new general purpose algorithm for multidimensional
                  integration is described. It is an iterative and
                  adaptive Monte Carlo scheme. The new algorithm is
                  compared with several others currently in use, and
                  shown to be considerably more efficient than all of
                  these for a number of sample integrals of high
                  dimension (n âª† 4)."
}

@article{Bierlich:2019rhm,
  author =       "Bierlich, Christian and others",
  archivePrefix ="arXiv",
  doi =          "10.21468/SciPostPhys.8.2.026",
  eprint =       "1912.05451",
  journal =      "SciPost Phys.",
  pages =        026,
  primaryClass = "hep-ph",
  reportNumber = "MCnet-19-26",
  title =        "{Robust Independent Validation of Experiment and
                  Theory: Rivet version 3}",
  volume =       8,
  year =         2020
}
